<?xml version="1.0" encoding="UTF-8"?><collection xmlns="http://www.loc.gov/MARC21/slim"><record><leader>00410nam--2200145-i-4500</leader><controlfield tag="001">000031101</controlfield><controlfield tag="002">20161230</controlfield><controlfield tag="005">20161230201038</controlfield><controlfield tag="008">060222s1000------------r-----000-0-eng-d</controlfield><datafield ind1=" " ind2=" " tag="080"><subfield code="a">621.039.333:669</subfield></datafield><datafield ind1=" " ind2=" " tag="100"><subfield code="a">Lodding, A.R.E</subfield></datafield><datafield ind1=" " ind2=" " tag="245"><subfield code="a">Isotope transport phenomena in liquid metals</subfield></datafield><datafield ind1=" " ind2=" " tag="260"><subfield code="a">Goteborg, Elanders Boktryckeri Aktiebolag, 1961. 71p</subfield></datafield><datafield ind1=" " ind2=" " tag="490"><subfield code="a">Gothenburg Studies In Physics</subfield></datafield><datafield ind1=" " ind2=" " tag="852"><subfield code="a">17776</subfield></datafield></record></collection>